<record><leader>00000cas a22000007a 4500</leader><controlfield tag="001">10541667</controlfield><controlfield tag="008">840320d198u198uaruwr ne      0   a0eng d</controlfield><datafield ind1=" " ind2=" " tag="010"><subfield code="a">sn 84007808 </subfield></datafield><datafield ind1=" " ind2=" " tag="040"><subfield code="a">NSD</subfield><subfield code="b">eng</subfield><subfield code="c">NSD</subfield><subfield code="d">OCL</subfield><subfield code="d">NSD</subfield><subfield code="d">ANU</subfield><subfield code="d">OCLCQ</subfield><subfield code="d">OCLCF</subfield><subfield code="d">OCLCO</subfield></datafield><datafield ind1=" " ind2=" " tag="012"><subfield code="m">1</subfield></datafield><datafield ind1="1" ind2=" " tag="022"><subfield code="a">0747-0886</subfield><subfield code="l">0747-0886</subfield><subfield code="2">1</subfield></datafield><datafield ind1=" " ind2=" " tag="032"><subfield code="a">714330</subfield><subfield code="b">USPS</subfield></datafield><datafield ind1=" " ind2=" " tag="037"><subfield code="b">The Hope Express, P.O. Box 1271, Hope AR 71801</subfield></datafield><datafield ind1=" " ind2=" " tag="042"><subfield code="a">nsdp</subfield></datafield><datafield ind1=" " ind2=" " tag="043"><subfield code="a">n-us-ar</subfield></datafield><datafield ind1=" " ind2="4" tag="222"><subfield code="a">The Monday Hope express</subfield></datafield><datafield ind1="0" ind2="4" tag="245"><subfield code="a">The Monday Hope express.</subfield></datafield><datafield ind1="3" ind2="0" tag="246"><subfield code="a">Hope express</subfield></datafield><datafield ind1=" " ind2=" " tag="260"><subfield code="a">Hope, Ark. :</subfield><subfield code="b">Hope Pub. Co.</subfield></datafield><datafield ind1=" " ind2=" " tag="300"><subfield code="a">v.</subfield></datafield><datafield ind1=" " ind2=" " tag="310"><subfield code="a">Weekly</subfield></datafield><datafield ind1=" " ind2=" " tag="588"><subfield code="a">Description based on: Vol. 1, no. 24 (Mar. 12, 1984).</subfield></datafield><datafield ind1=" " ind2="0" tag="651"><subfield code="a">Hope (Ark.)</subfield><subfield code="v">Newspapers.</subfield></datafield><datafield ind1=" " ind2="7" tag="655"><subfield code="a">Newspapers.</subfield><subfield code="2">fast</subfield><subfield code="0">(OCoLC)fst01423814</subfield></datafield><datafield ind1=" " ind2="7" tag="651"><subfield code="a">Arkansas</subfield><subfield code="z">Hope.</subfield><subfield code="2">fast</subfield><subfield code="0">(OCoLC)fst01214378</subfield></datafield><datafield ind1=" " ind2=" " tag="752"><subfield code="a">United States</subfield><subfield code="b">Arkansas</subfield><subfield code="c">Hempstead</subfield><subfield code="d">Hope.</subfield></datafield><datafield ind1="0" ind2="0" tag="780"><subfield code="t">Hope express</subfield><subfield code="w">(DLC)sn 91050196</subfield></datafield><datafield ind1=" " ind2=" " tag="936"><subfield code="a">Mar. 12, 1984</subfield></datafield></record>